% Encoding: UTF-8

@Book{ebel2009,
  author    = {Ebel, Hans Friedrich AND Bliefert, Claus},
  title     = {Bachelor-, Master- und Doktorarbeit},
  publisher = {Wiley-VCH},
  address   = {Weinheim},
  year      = {2009},
}